@inproceedings{goemans1994879,
  title={. 879-approximation algorithms for max cut and max 2sat},
  author={Goemans, Michel X and Williamson, David P},
  booktitle={Proceedings of the twenty-sixth annual ACM symposium on Theory of computing},
  pages={422--431},
  year={1994}
}